<?xml version="1.0" encoding="UTF-8"?><collection xmlns="http://www.loc.gov/MARC21/slim"><record><leader>00834nam--2200181-i-4500</leader><controlfield tag="001">000032165</controlfield><controlfield tag="002">20161230</controlfield><controlfield tag="005">20161230201039</controlfield><controlfield tag="008">060222s1000------------r-----000-0-eng-d</controlfield><datafield ind1=" " ind2=" " tag="040"><subfield code="a">IFIN-HH</subfield></datafield><datafield ind1=" " ind2=" " tag="080"><subfield code="a">621.315.592:669.017</subfield></datafield><datafield ind1="1" ind2=" " tag="100"><subfield code="a">Schroeder, John B</subfield></datafield><datafield ind1="1" ind2="0" tag="245"><subfield code="a">Metallurgy of seconductor materials</subfield><subfield code="b">Proceedings of a tehnical conference sponsored by the semiconductors committee of the institute of metals division, the metallurgical society and southern california selection, american institute of mining, metallurgical, and petroleum engineers los angelES, CALIFORNIA, AUGUST 30-SEPTEMBER 1, 1961</subfield><subfield code="c">John b. schroeder (ed.)</subfield></datafield><datafield ind1=" " ind2=" " tag="260"><subfield code="a">New York</subfield><subfield code="b">Interscience Publishers</subfield><subfield code="c">1862</subfield></datafield><datafield ind1=" " ind2=" " tag="300"><subfield code="a">XI + 411P</subfield></datafield><datafield ind1=" " ind2=" " tag="490"><subfield code="a">Metallurgical Society Conferences</subfield><subfield code="v">Volume 15</subfield></datafield><datafield ind1=" " ind2=" " tag="852"><subfield code="a">35515</subfield><subfield code="c">539.12.04</subfield></datafield><datafield ind1=" " ind2=" " tag="CAT"><subfield code="a">Sys</subfield><subfield code="c">20120207</subfield><subfield code="h">121825</subfield></datafield></record></collection>